@article{opencv_library,
    author = {Bradski, G.},
    citeulike-article-id = {2236121},
    journal = {Dr. Dobb's Journal of Software Tools},
    keywords = {bibtex-import},
    posted-at = {2008-01-15 19:21:54},
    priority = {4},
    title = {{The OpenCV Library}},
    year = {2000}
}

@misc{bouguet2002camera,
  title={Camera calibration tool-box for matlab},
  author={Bouguet, Jean-Yves},
  url={http://www. vision. caltech. edu/bouguetj/calib\_doc/},
  year=2002
}

@article{zhang2000flexible,
  title={A flexible new technique for camera calibration},
  author={Zhang, Zhengyou},
  journal={IEEE Transactions on pattern analysis and machine intelligence},
  volume={22},
  number={11},
  year={2000},
  pages = {1330-1334}
}

@book{Forsyth:2002:CVM:580035,
 author = {Forsyth, David A. and Ponce, Jean},
 title = {Computer Vision: A Modern Approach},
 year = {2002},
 isbn = {0130851981},
 publisher = {Prentice Hall Professional Technical Reference},
}

@book{Hartley:2003:MVG:861369,
 author = {Hartley, Richard and Zisserman, Andrew},
 title = {Multiple View Geometry in Computer Vision},
 year = {2003},
 isbn = {0521540518},
 edition = {2},
 publisher = {Cambridge University Press},
 address = {New York, NY, USA},
} 

@book{Bradski:2013:LOC:2523356,
 author = {Bradski, Gary and Kaehler, Adrian},
 title = {Learning OpenCV: Computer Vision in C++ with the OpenCV Library},
 year = {2013},
 isbn = {1449314651, 9781449314651},
 edition = {2nd},
 publisher = {O'Reilly Media, Inc.},
} 
[download]
